<record><leader>00000cas a2200000 a 4500</leader><controlfield tag="001">18615406</controlfield><controlfield tag="008">881017d18951919iludn ne      0   a0eng c</controlfield><datafield ind1=" " ind2=" " tag="010"><subfield code="a">sn 88061261 </subfield></datafield><datafield ind1=" " ind2=" " tag="040"><subfield code="a">KNP</subfield><subfield code="b">eng</subfield><subfield code="c">KNP</subfield><subfield code="d">NVF</subfield><subfield code="d">KNP</subfield><subfield code="d">NVF</subfield><subfield code="d">OCLCQ</subfield><subfield code="d">NVF</subfield><subfield code="d">OCLCF</subfield><subfield code="d">OCLCO</subfield></datafield><datafield ind1="1" ind2=" " tag="029"><subfield code="a">AU@</subfield><subfield code="b">000020668089</subfield></datafield><datafield ind1=" " ind2=" " tag="042"><subfield code="a">pcc</subfield></datafield><datafield ind1=" " ind2=" " tag="043"><subfield code="a">n-us-il</subfield></datafield><datafield ind1="0" ind2="4" tag="245"><subfield code="a">The Champaign daily news.</subfield></datafield><datafield ind1="1" ind2=" " tag="246"><subfield code="i">Published on Sundays as:</subfield><subfield code="a">Champaign Sunday news</subfield><subfield code="f">Aug. 19, 1917-1919</subfield></datafield><datafield ind1="1" ind2=" " tag="246"><subfield code="i">Running title on Saturdays is:</subfield><subfield code="a">Champaign news</subfield><subfield code="f">Mar. 4-25, 1905</subfield></datafield><datafield ind1=" " ind2=" " tag="260"><subfield code="a">Champaign, Ill. :</subfield><subfield code="b">Champaign County Print. Co.,</subfield><subfield code="c">1895-1919.</subfield></datafield><datafield ind1=" " ind2=" " tag="300"><subfield code="a">v.</subfield></datafield><datafield ind1=" " ind2=" " tag="310"><subfield code="a">Daily (except Monday),</subfield><subfield code="b">Feb. 8-Dec. 13, 1919</subfield></datafield><datafield ind1=" " ind2=" " tag="321"><subfield code="a">Frequency varies,</subfield><subfield code="b">1895-Feb. 7, 1919</subfield></datafield><datafield ind1="0" ind2=" " tag="362"><subfield code="a">Vol. 1, no. 1 (July 29, 1895)-v. 25, no. 116 (Dec. 13, 1919).</subfield></datafield><datafield ind1=" " ind2=" " tag="580"><subfield code="a">Weekly ed.: Champaign County news, 1895-&lt;1917&gt;</subfield></datafield><datafield ind1=" " ind2=" " tag="580"><subfield code="a">Merged with: Champaign daily gazette (Champaign, Ill. : 1883), to form: Champaign news-gazette.</subfield></datafield><datafield ind1=" " ind2="0" tag="651"><subfield code="a">Champaign (Ill.)</subfield><subfield code="v">Newspapers.</subfield></datafield><datafield ind1=" " ind2="7" tag="655"><subfield code="a">Newspapers.</subfield><subfield code="2">fast</subfield><subfield code="0">(OCoLC)fst01423814</subfield></datafield><datafield ind1=" " ind2="7" tag="651"><subfield code="a">Illinois</subfield><subfield code="z">Champaign.</subfield><subfield code="2">fast</subfield><subfield code="0">(OCoLC)fst01207150</subfield></datafield><datafield ind1=" " ind2=" " tag="752"><subfield code="a">United States</subfield><subfield code="b">Illinois</subfield><subfield code="c">Champaign</subfield><subfield code="d">Champaign.</subfield></datafield><datafield ind1="1" ind2=" " tag="775"><subfield code="t">Champaign County news</subfield><subfield code="w">(DLC)sn 88061262</subfield><subfield code="w">(OCoLC)18615484</subfield></datafield><datafield ind1="1" ind2="7" tag="785"><subfield code="t">Champaign daily gazette (Champaign, Ill. : 1883)</subfield><subfield code="w">(DLC)sn 86063842</subfield><subfield code="w">(OCoLC)13474436</subfield></datafield><datafield ind1="1" ind2="7" tag="785"><subfield code="t">Champaign news-gazette</subfield><subfield code="w">(DLC)sn 88061263</subfield><subfield code="w">(OCoLC)18615766</subfield></datafield></record>